@book {dummy-1,
    AUTHOR = {Connes, Alain and Marcolli, Matilde},
     TITLE = {Noncommutative geometry, quantum fields and motives},
    SERIES = {American Mathematical Society Colloquium Publications},
    VOLUME = {55},
 PUBLISHER = {American Mathematical Society, Providence, RI; Hindustan Book
              Agency, New Delhi},
      YEAR = {2008},
     PAGES = {xxii+785},
      ISBN = {978-0-8218-4210-2},
   MRCLASS = {58B34 (11M36 11R56 14C25 46L87 58J42 81T15 81V22)},
  MRNUMBER = {2371808},
MRREVIEWER = {Walter D. van Suijlekom},
}

@article {dummy-2,
    AUTHOR = {Connes, Alain and Consani, Caterina and Marcolli, Matilde},
     TITLE = {Fun with {$\Bbb F_1$}},
   JOURNAL = {J. Number Theory},
  FJOURNAL = {Journal of Number Theory},
    VOLUME = {129},
      YEAR = {2009},
    NUMBER = {6},
     PAGES = {1532--1561},
      ISSN = {0022-314X},
   MRCLASS = {14G15 (11M26 11M55 46L55)},
  MRNUMBER = {2521492},
MRREVIEWER = {Javier L\'{o}pez Pe\~{n}a},
       DOI = {10.1016/j.jnt.2008.08.007},
       URL = {https://doi.org/10.1016/j.jnt.2008.08.007},
}